@techreport{ecb-2007,
	author = {ECB},
	month = {6},
	title = {{VARIANCE SWAPS}},
	year = {2007},
	url = {https://www.ecb.europa.eu/press/financial-stability-publications/fsr/focus/2007/pdf/ecb~a209f48731.fsrbox200706_11.pdf},
}