@techreport{heston-2000,
	author = {Heston, J., Steven},
	month = {1},
	pages = {92},
	title = {{Volatility}},
	volume = {92},
	year = {2000},
	url = {https://www.risk.net/sites/default/files/import_unmanaged/risk.net/data/Pay_per_view/risk/technical/2000/risk_0100_volatility.pdf},
}