@incollection{KnopfPeterM2015MPaT,
language = {eng},
publisher = {Elsevier Science & Technology},
title = {Mean-Reverting Processes and Term Structure Modeling},
year = {2015},
isbn = {0128015349},
keywords = {Applied mathematics ; Finance},
booktitle = {Risk Neutral Pricing and Financial Mathematics},
author = {Knopf, Peter M and Teall, John L},
address = {United States},
}

