@misc{macrosynergy-2018,
	author = {Macrosynergy},
	month = {8},
	title = {{What variance swaps tell us about risk premia}},
	year = {2018},
	url = {https://macrosynergy.com/research/what-variance-swaps-tell-us-about-risk-premia/#:~:text=Variance%20swaps%20help%20estimating%20term,priced%20variance%20and%20predicted%20variance.},
}