@misc{mitchell-2022,
	author = {Mitchell, Cory},
	month = {4},
	title = {{Volatility Swap: What it is, How it Works, Example}},
	year = {2022},
	url = {https://www.investopedia.com/terms/v/volatilityswap.asp},
}