@book{rouah-no-date,
	author = {Rouah, Fabrice Douglas},
	title = {{Euler and Milstein discretization}},
	url = {https://www.frouah.com/finance%20notes/Euler%20and%20Milstein%20Discretization.pdf},
}